<?xml version="1.0" encoding="UTF-8"?><collection xmlns="http://www.loc.gov/MARC21/slim"><record><leader>00521nam--2200169-i-4500</leader><controlfield tag="001">000036616</controlfield><controlfield tag="002">20161230</controlfield><controlfield tag="005">20170108232732</controlfield><controlfield tag="008">060222s1000------------r-----000-0-eng-d</controlfield><datafield ind1=" " ind2=" " tag="040"><subfield code="a">IFIN-HH</subfield></datafield><datafield ind1=" " ind2=" " tag="080"><subfield code="a">539.124.143</subfield></datafield><datafield ind1="1" ind2=" " tag="100"><subfield code="a">Reaves, Harry Lee</subfield></datafield><datafield ind1="1" ind2="0" tag="245"><subfield code="a">A study of the nuclear quadrupole resonance spectrum of beryllium in chrysoberyl</subfield><subfield code="b">Dissertation</subfield><subfield code="c">Harry Lee Reaves</subfield></datafield><datafield ind1=" " ind2=" " tag="260"><subfield code="a">Ann Arbor, Michigan</subfield><subfield code="b">University Microfilms, Inc</subfield></datafield><datafield ind1=" " ind2=" " tag="300"><subfield code="a">58 p</subfield></datafield><datafield ind1=" " ind2=" " tag="852"><subfield code="a">32359</subfield><subfield code="c">539.143.43</subfield></datafield><datafield ind1=" " ind2=" " tag="CAT"><subfield code="a">SYS</subfield><subfield code="c">20170108</subfield><subfield code="h">232732</subfield></datafield></record></collection>